@article{TinghuaUniversity,
  title={指纹识别现状与研究进展报告},
  author={清华大学冯建江},
  journal={雷锋网},
}
@article{littefingerprint,
  title={基于深度学习的小面积指纹匹配方法 },
  author={张永良 and 周冰 and 詹小四 and 裘晓光,卢天培},
  journal={Journal of Computer Applications},
}
@article{devidefingerpeint,
  title={FINGERPRINT SEGMENTATION USING DEEP LEARNINGFINGERPRINT SEGMENTATION USING DEEP LEARNING},
  author={RSIP},
  journal={Internet},
}
@article{origin,
  title={生物识别——打开人类识别自我的新纪元——生物识别技术的起源发展和前景},
  author={刘毅},
  journal={中国公共安全},
}
@article{wiki,
  title={Finger Print},
  journal={Wikipedia},
}
@inproceedings{long2018textsnake,
  title={Textsnake: A flexible representation for detecting text of arbitrary shapes},
  author={Long, Shangbang and Ruan, Jiaqiang and Zhang, Wenjie and He, Xin and Wu, Wenhao and Yao, Cong},
  booktitle={Proceedings of the European Conference on Computer Vision (ECCV)},
  pages={20--36},
  year={2018}
}